@article{Peng2011,
author = {Peng, Roger D},
doi = {10.1126/science.1213847},
issn = {1095-9203},
journal = {Science},
keywords = {Research methods},
month = dec,
number = {6060},
pages = {1226--7},
pmid = {22144613},
title = {{Reproducible research in computational science.}},
url = {http://www.pubmedcentral.nih.gov/articlerender.fcgi?artid=3383002\&tool=pmcentrez\&rendertype=abstract},
volume = {334},
year = {2011}
}

@article{Stodden2013,
author = {Stodden, Victoria and Guo, Peixuan and Ma, Zhaokun},
doi = {10.1371/journal.pone.0067111},
issn = {1932-6203},
journal = {PloS one},
keywords = {Research methods},
month = jan,
number = {6},
pages = {e67111},
pmid = {23805293},
title = {{Toward Reproducible Computational Research: An Empirical Analysis of Data and Code Policy Adoption by Journals.}},
url = {http://www.pubmedcentral.nih.gov/articlerender.fcgi?artid=3689732\&tool=pmcentrez\&rendertype=abstract},
volume = {8},
year = {2013}
}

@article{Stodden2014,
author = {Stodden, Victoria and Miguez, Sheila},
doi = {10.5334/jors.ay},
issn = {2049-9647},
journal = {Journal of Open Research Software},
keywords = {Research methods},
month = jul,
number = {1},
pages = {e21},
title = {{Best practices for computational science: software infrastructure and environments for reproducible and extensible research}},
url = {http://openresearchsoftware.metajnl.com/article/view/jors.ay/},
volume = {2},
year = {2014}
}
